<record><leader>00000cas a22000007a 4500</leader><controlfield tag="001">1607573</controlfield><controlfield tag="008">750907d18961917mnuwr ne      0    0eng d</controlfield><datafield ind1=" " ind2=" " tag="010"><subfield code="a">sn 89064182 </subfield></datafield><datafield ind1=" " ind2=" " tag="040"><subfield code="a">MUL</subfield><subfield code="b">eng</subfield><subfield code="c">MUL</subfield><subfield code="d">MN#</subfield><subfield code="d">OCLCQ</subfield></datafield><datafield ind1=" " ind2=" " tag="042"><subfield code="a">msc</subfield></datafield><datafield ind1=" " ind2=" " tag="043"><subfield code="a">n-us-mn</subfield></datafield><datafield ind1=" " ind2=" " tag="052"><subfield code="a">4144</subfield><subfield code="b">M6</subfield></datafield><datafield ind1=" " ind2=" " tag="052"><subfield code="a">4143</subfield><subfield code="b">C4</subfield></datafield><datafield ind1="0" ind2="0" tag="245"><subfield code="a">Montevideo advance.</subfield></datafield><datafield ind1=" " ind2=" " tag="260"><subfield code="a">Montevideo, Minn. :</subfield><subfield code="b">J.E. Henry</subfield></datafield><datafield ind1=" " ind2=" " tag="300"><subfield code="a">v.</subfield></datafield><datafield ind1=" " ind2=" " tag="310"><subfield code="a">Weekly</subfield></datafield><datafield ind1="1" ind2=" " tag="362"><subfield code="a">Began in 1896; ceased in Sept. 1917.</subfield></datafield><datafield ind1=" " ind2=" " tag="530"><subfield code="a">Available on microfilm from the Minnesota Historical Society.</subfield></datafield><datafield ind1=" " ind2=" " tag="580"><subfield code="a">Merged with: Commercial (Montevideo, Minn.), and: Montevideo leader, to form: Montevideo news.</subfield></datafield><datafield ind1=" " ind2=" " tag="588"><subfield code="a">Description based on: Vol. 2, no. 33 (Jan. 5, 1898).</subfield></datafield><datafield ind1=" " ind2=" " tag="752"><subfield code="a">United States</subfield><subfield code="b">Minnesota</subfield><subfield code="c">Chippewa</subfield><subfield code="d">Montevideo.</subfield></datafield><datafield ind1="1" ind2="7" tag="785"><subfield code="t">Commercial (Montevideo, Minn.)</subfield><subfield code="w">(DLC)sn 89064178</subfield></datafield><datafield ind1="1" ind2="7" tag="785"><subfield code="t">Montevideo leader</subfield><subfield code="w">(DLC)sn 89064181</subfield></datafield><datafield ind1="1" ind2="7" tag="785"><subfield code="t">Montevideo news</subfield><subfield code="w">(DLC)sn 89064183</subfield></datafield><datafield ind1="1" ind2=" " tag="029"><subfield code="a">AU@</subfield><subfield code="b">000025855268</subfield></datafield></record>